<?xml version="1.0" encoding="UTF-8"?><collection xmlns="http://www.loc.gov/MARC21/slim"><record><leader>00432nam--2200169-i-4500</leader><controlfield tag="001">000033311</controlfield><controlfield tag="002">20161230</controlfield><controlfield tag="005">20161230201039</controlfield><controlfield tag="008">060222s1000------------r-----000-0-eng-d</controlfield><datafield ind1=" " ind2=" " tag="040"><subfield code="a">IFIN-HH</subfield></datafield><datafield ind1=" " ind2=" " tag="080"><subfield code="a">535-1</subfield></datafield><datafield ind1="1" ind2=" " tag="100"><subfield code="a">Hackforth, Henry L</subfield></datafield><datafield ind1="1" ind2="0" tag="245"><subfield code="a">Infrared Radiation</subfield><subfield code="c">Henry L. Hackforth</subfield></datafield><datafield ind1=" " ind2=" " tag="260"><subfield code="a">LONDON</subfield><subfield code="b">Mcgraw-hill Book Company, Inc</subfield><subfield code="c">1960</subfield></datafield><datafield ind1=" " ind2=" " tag="300"><subfield code="a">303 p</subfield></datafield><datafield ind1=" " ind2=" " tag="852"><subfield code="a">11502</subfield><subfield code="c">535</subfield></datafield><datafield ind1=" " ind2=" " tag="CAT"><subfield code="a">Sys</subfield><subfield code="c">20101018</subfield><subfield code="h">143203</subfield></datafield></record></collection>